@Misc{numdiff,
  title = {Numerical differentiation: finite differences},
  author = {Alice C. Yew},
  year = {2011},
  month = {Spring},

  howpublished  = {\url{https://www.dam.brown.edu/people/alcyew/handouts/numdiff.pdf}}
}

@Misc{numinteg,
  title = {Numerical Techniques for the Evaluation of Multi-Dimensional Integral Equations},
  author = {David Keffer},
  year = {1999},
  month = {September},
  howpublished  = {\url{http://utkstair.org/clausius/docs/che505/pdf/IE_eval_N-Dints.pdf}}
}

@book{nume,
  title = {Numerical Methods for Fractional Differentiation},
  author = {Kolade M. Owolabi, Abdon Atangana},
  year = {2019},  
  publisher = {Springer Singapore},
}